<record><leader>00000cas a22000007a 4500</leader><controlfield tag="001">10208552</controlfield><controlfield tag="008">831210d18961914ohuwr ne      0    0eng d</controlfield><datafield ind1=" " ind2=" " tag="010"><subfield code="a">sn 83035645 </subfield></datafield><datafield ind1=" " ind2=" " tag="040"><subfield code="a">NPY</subfield><subfield code="b">eng</subfield><subfield code="c">NPY</subfield><subfield code="d">OCLCQ</subfield></datafield><datafield ind1=" " ind2=" " tag="042"><subfield code="a">msc</subfield></datafield><datafield ind1="0" ind2="4" tag="245"><subfield code="a">The Collinwood news.</subfield></datafield><datafield ind1=" " ind2=" " tag="260"><subfield code="a">Collinwood, Ohio :</subfield><subfield code="b">W.B. Ketteringham</subfield></datafield><datafield ind1=" " ind2=" " tag="300"><subfield code="a">v. :</subfield><subfield code="b">ill. ;</subfield><subfield code="c">54 cm.</subfield></datafield><datafield ind1=" " ind2=" " tag="310"><subfield code="a">Weekly</subfield></datafield><datafield ind1="1" ind2=" " tag="362"><subfield code="a">Began in 1896.</subfield><subfield code="z">Cf. Gutgesell, S. Guide to Ohio newspapers, 1974.</subfield></datafield><datafield ind1="1" ind2=" " tag="362"><subfield code="a">Ceased in 1914?</subfield></datafield><datafield ind1=" " ind2=" " tag="500"><subfield code="a">"The best Republican paper in Eastern Cuyahoga County, Ohio."</subfield></datafield><datafield ind1=" " ind2=" " tag="500"><subfield code="a">Editor: W.B. Ketteringham, &lt;1901-1913&gt;.</subfield></datafield><datafield ind1=" " ind2=" " tag="580"><subfield code="a">Published from same office: Cuyahoga County Democrat which had the same text, &lt;1909-1913&gt;.</subfield></datafield><datafield ind1=" " ind2=" " tag="588"><subfield code="a">Description based on: Fifth year, no. 247 (June 7, 1901).</subfield></datafield><datafield ind1="1" ind2=" " tag="700"><subfield code="a">Ketteringham, W. B.</subfield></datafield><datafield ind1=" " ind2=" " tag="752"><subfield code="a">United States</subfield><subfield code="b">Ohio</subfield><subfield code="c">Cuyahoga</subfield><subfield code="d">Collinwood.</subfield></datafield><datafield ind1=" " ind2=" " tag="752"><subfield code="a">United States</subfield><subfield code="b">Ohio</subfield><subfield code="c">Cuyahoga</subfield><subfield code="d">Cleveland.</subfield></datafield><datafield ind1="0" ind2=" " tag="787"><subfield code="t">Cuyahoga County Democrat (Cleveland, Ohio)</subfield><subfield code="w">(DLC)sn 83035646</subfield></datafield><datafield ind1="1" ind2=" " tag="029"><subfield code="a">AU@</subfield><subfield code="b">000025786705</subfield></datafield></record>